@online{axe_ext_vid,
  author       = "{Robin Karlsson}",
  title        = "Using axe web browser extension for accessibility audit",
  date         = "2022-12-03",
  url          = "https://youtu.be/hMzs7v-xsDA",
  urldate      = "2022-12-03",
}

@online{aiweb_ext_vid,
  author       = "{Robin Karlsson}",
  title        = "Using Insights web browser extension for accessibility audit",
  date         = "2022-12-03",
  url          = "https://youtu.be/4kIIb09bnhA",
  urldate      = "2022-12-03",
}

@online{lighthouse_ext_vid,
  author       = "{Robin Karlsson}",
  title        = "Using Lighthouse web browser extension for accessibility audit",
  date         = "2022-12-03",
  url          = "https://youtu.be/ZuJOI8LN_6s",
  urldate      = "2022-12-03",
}

@online{siteimprove_ext_vid,
  author       = "{Robin Karlsson}",
  title        = "Using SiteImprove web browser extension for accessibility audit",
  date         = "2022-12-03",
  url          = "https://youtu.be/tGB5CJ3qU4U",
  urldate      = "2022-12-03",
}

@online{wave_ext_vid,
  author       = "{Robin Karlsson}",
  title        = "Using WAVE web browser extension for accessibility audit",
  date         = "2022-12-03",
  url          = "https://youtu.be/vhMk3B3gPFE",
  urldate      = "2022-12-03",
}

