@online{WebAim,
  author       = "{WebAim}",
  title        = "WebAim: Web accessibility in mind",
  date         = "2022-11-30",
  url          = "https://webaim.org/",
  urldate      = "2022-11-30",
}

@online{JAWS_gov,
  author       = "{Ožbej Golob}",
  title        = "Using JAWS on gov.uk site",
  date         = "2022-11-30",
  url          = "https://youtu.be/aX_vK0JpYZE",
  urldate      = "2022-11-30",
}

@online{JAWS_mirror,
  author       = "{Ožbej Golob}",
  title        = "Using JAWS on mirror.co.uk site",
  date         = "2022-11-30",
  url          = "https://youtu.be/4zxA2TmmN_A",
  urldate      = "2022-11-30",
}

@online{NVDA_gov,
  author       = "{Ožbej Golob}",
  title        = "Using NVDA on gov.uk site",
  date         = "2022-11-30",
  url          = "https://youtu.be/oTBNtaBVXM0",
  urldate      = "2022-11-30",
}

@online{NVDA_mirror,
  author       = "{Ožbej Golob}",
  title        = "Using NVDA on mirror.co.uk site",
  date         = "2022-11-30",
  url          = "https://youtu.be/SY2njevCTuI",
  urldate      = "2022-11-30",
}

@online{VoiceOver_gov,
  author       = "{Ožbej Golob}",
  title        = "Using NVDA on gov.uk site",
  date         = "2022-11-30",
  url          = "https://youtu.be/UBPnCozggK4",
  urldate      = "2022-11-30",
}

@online{VoiceOver_mirror,
  author       = "{Ožbej Golob}",
  title        = "Using NVDA on mirror.co.uk site",
  date         = "2022-11-30",
  url          = "https://youtu.be/_4sDqR2oT0c",
  urldate      = "2022-11-30",
}

@online{Narrator_gov,
  author       = "{Ožbej Golob}",
  title        = "Using NVDA on gov.uk site",
  date         = "2022-11-30",
  url          = "https://youtu.be/ZVTOl2_vw1s",
  urldate      = "2022-11-30",
}

@online{Narrator_mirror,
  author       = "{Ožbej Golob}",
  title        = "Using NVDA on mirror.co.uk site",
  date         = "2022-11-30",
  url          = "https://youtu.be/LktZKcB7xNo",
  urldate      = "2022-11-30",
}

@online{TalkBack_gov,
  author       = "{Ožbej Golob}",
  title        = "Using NVDA on gov.uk site",
  date         = "2022-11-30",
  url          = "https://youtu.be/Hx_pI2bZ930",
  urldate      = "2022-11-30",
}

@online{TalkBack_mirror,
  author       = "{Ožbej Golob}",
  title        = "Using NVDA on mirror.co.uk site",
  date         = "2022-11-30",
  url          = "https://youtu.be/EyYMB9Kn8Xw",
  urldate      = "2022-11-30",
}