@manual{best-text-browsers,
  author = {Zeeman Memon},
  title  = {Best Linux Text-Based Browsers},
  url    = {https://linuxhint.com/best_linux_text_based_browsers/},
  urldate = {2022}
}

@manual{webbie,
  author       = {Alasdair King},
  title        = {Blind People and World Wide Web},
  url          = {https://www.webbie.org.uk/webbie.htm},
  urldate      = {2004},
}

@manual{webbie-main,
  author       = {Alasdair King},
  title        = {WebbIE},
  url          = {https://www.webbie.org.uk/index.htm},
  urldate      = {2004},
}

@manual{lynx,
  author       = {Lynx},
  title        = {Lynx},
  url          = {https://lynx.invisible-island.net/release/lynx_help/Lynx_users_guide.html},
}

@manual{w3m,
  author       = {W3M},
  title        = {Lynx},
  url          = {https://w3m.sourceforge.net/},
}

@manual{links,
  author       = {W3M},
  title        = {Lynx},
  url          = {http://links.twibright.com/about.php},
  urldate      = {2002},
}

@manual{tb-showcase,
  author       = {Olli-Pekka Riikola},
  title        = {Showcase video - the Lynx browser},
  url          = {https://youtu.be/fSYBxFXR4Q0},
}