@online{best-text-browsers,
  author       = "Zeeman Memon",
  title        = "Best Linux Text-Based Browsers",
  url          = "https://linuxhint.com/best_linux_text_based_browsers/",
  date         = "2019",
  urldate      = "2022-12-11",
}

@online{webbie,
  author       = "Alasdair King",
  title        = "Blind People and World Wide Web",
  url          = "https://webbie.org.uk/webbie.htm",
  date         = "2008-06",
  urldate      = "2022-12-11",
}

@online{webbie-main,
  author       = "Alasdair King",
  title        = "WebbIE",
  url          = "https://webbie.org.uk/index.htm",
  date         = "2001",
  urldate      = "2022-12-11",
}

@online{lynx,
  author       = "Lynx",
  title        = "Lynx",
  url          = "https://lynx.invisible-island.net/release/lynx_help/Lynx_users_guide.html",
  date         = "2018-07-08",
  urldate      = "2022-12-11",
}

@online{w3m,
  author       = "W3M",
  title        = "W3M",
  url          = "https://w3m.sourceforge.net/",
  date         = "",
  urldate      = "2022-12-11",
}

@online{links,
  author       = "Links",
  title        = "Links",
  url          = "http://links.twibright.com/about.php",
  date         = "2002",
  urldate      = "2022-12-11",
}

@video{tb-showcase,
  author       = "Olli-Pekka Riikola",
  title        = "Showcase video - the Lynx browser",
  url          = "https://youtu.be/fSYBxFXR4Q0",
  date         = "2022-11-20",
  urldate      = "2022-12-11",
}