@online{Accessi,
  author       = "{Accessi}",
  title        = "Accessi",
  date         = "2022-11-30",
  url          = "https://www.accessi.org/",
  urldate      = "2022-11-30",
}

@online{Accessi_vid,
  author       = "{Alexander Thien}",
  title        = "Using Accessi for web accessibility.",
  date         = "2022-11-30",
  url          = "https://youtu.be/FqZQIkFlgYM",
  urldate      = "2022-11-30",
}

@online{WAVE_web,
  author       = "{Web AIM}",
  title        = "WAVE Web Accessibility Evaluation Tool",
  date         = "2022-11-30",
  url          = "https://wave.webaim.org/",
  urldate      = "2022-11-30",
}

@online{WAVE_vid,
  author       = "{Alexander Thien}",
  title        = "Using WAVE for web accessibility.",
  date         = "2022-11-30",
  url          = "https://youtu.be/-URDq3PK8zs",
  urldate      = "2022-11-30",
}

@online{PSIL,
  author       = "{Google}",
  title        = "Page Speed Insights",
  date         = "2022-11-30",
  url          = "https://pagespeed.web.dev/",
  urldate      = "2022-11-30",
}

@online{PageSpeedInsights_vid,
  author       = "{Alexander Thien}",
  title        = "Using Page Speed Insights (Lighthouse)for web accessibility.",
  date         = "2022-11-30",
  url          = "https://youtu.be/oTBNtaBVXM0",
  urldate      = "2022-11-30",
}




